@book{villani,
    title={Optimal transport},
    subtitle={Old and New},
    author={CÃ©dric Villani},
    isbn={9783540710493},
    series={Grundlehren der mathematischen Wissenschaften},
    year={2009},
    publisher={Springer},
    keywords={mathematics, optimal transport}
}

